%% This BibTeX bibliography file was created using BibDesk.
%% http://bibdesk.sourceforge.net/


%% Created for Aaron Krajeski at 2013-02-28 12:56:07 -0500 


%% Saved with string encoding Unicode (UTF-8) 



@inproceedings{senseStage,
	Author = {Marije Baalman and Vincent de Belleval and Christopher L. Salter and Joseph Malloch and Joseph Thibodeau and Marcelo M. Wanderley},
	Booktitle = {Proc. of {L}inux {A}udio {C}onference},
	Date-Added = {2013-02-10 19:02:53 -0500},
	Date-Modified = {2013-02-28 12:36:06 -0500},
	Pages = {242-249},
	Title = {Sense/{S}tage - {L}ow cost, open source wireless sensor infrastructure for live performance and interactive, real-time environments},
	Year = {2010}}

@inproceedings{MPGcarepackage,
	Author = {Nathan Wolek},
	Booktitle = {Proc. of the {S}ociety for {E}lectro-{A}coustic {M}usic in the {U}nited {S}tates ({SEAMUS} 2010)},
	Date-Added = {2012-11-24 20:18:20 -0500},
	Date-Modified = {2013-02-28 12:39:57 -0500},
	Title = {The {MPG} Carepackage: coordinating collective improvisation in {M}ax/{MSP}},
	Year = {2010}}

@conference{jamoma,
	Author = {Tim Place and Trond Lossius},
	Booktitle = {Proc. of {I}nternational {C}omputer {M}usic {C}onference ({ICMC} 2006)},
	Date-Added = {2012-11-24 20:11:57 -0500},
	Date-Modified = {2013-02-28 12:38:59 -0500},
	Title = {Jamoma: A Modular Standard for Structuring Patches in Max},
	Year = {2006}}

@inproceedings{GDIF,
	Author = {Alexander R. Jensenius and Tellef Kvifte and Rolf Inge God{\o}y},
	Booktitle = {Proc. of the 2006 {I}nternational {C}onference on {N}ew {I}nterfaces for {M}usical {E}xpression ({NIME}06)},
	Date-Added = {2012-11-24 20:10:39 -0500},
	Date-Modified = {2013-02-28 12:38:15 -0500},
	Pages = {176-179},
	Title = {Towards a Gesture Description Interchange Format},
	Year = {2006}}

@mastersthesis{inclusiveInterconnections,
	Address = {Huddersfield, England},
	Author = {Graham Booth},
	Date-Added = {2012-11-24 20:07:01 -0500},
	Date-Modified = {2013-02-28 12:35:02 -0500},
	School = {University of Huddersfield},
	Title = {Inclusive {I}nterconnections: Towards Open-Ended Parameter-Sharing for Laptop Ensemble},
	Year = {2010}}

@mastersthesis{vizmapper,
	Address = {Montreal, Canada},
	Author = {Vijay Rudraraju},
	Date-Added = {2012-11-24 20:05:02 -0500},
	Date-Modified = {2012-11-24 20:05:47 -0500},
	Month = {December},
	School = {McGill University},
	Title = {A Tool for Configuring Mappings for Musical Systems using Wireless Sensor Networks},
	Year = {2011}}

@article{junxion,
	Author = {STEIM},
	Date-Added = {2012-11-24 20:02:13 -0500},
	Date-Modified = {2012-11-24 20:24:10 -0500},
	Journal = {Computer Music Journal},
	Month = {Summer},
	Number = {2},
	Pages = {105-107},
	Title = {Products of Interest},
	Volume = {28},
	Year = {2004}}

@article{HEB,
	Author = {Danny Holten},
	Date-Added = {2012-11-24 20:00:53 -0500},
	Date-Modified = {2013-02-28 12:37:21 -0500},
	Journal = {{IEEE} {T}ransactions on {V}isualization and {C}omputer {G}raphics},
	Month = {September/October},
	Number = {5},
	Pages = {741-748},
	Title = {Hierarchical {E}dge {B}undles: Visualization of Adjacency Relations in Hierarchical Data},
	Volume = {12},
	Year = {2006}}

@inproceedings{integra,
	Author = {Jamie Bullock and Daniel Beattie and Jerome Turner},
	Booktitle = {Proc. of {I}nternational {C}onference on {N}ew {I}nterfaces for {M}usical {E}xpression},
	Date-Added = {2012-11-24 19:56:21 -0500},
	Date-Modified = {2013-02-28 12:35:56 -0500},
	Pages = {387 - 392},
	Title = {Integra {L}ive: a new graphical user interface for live electronic music},
	Year = {2011}}

@article{tuckey,
	Author = {John W. Tuckey},
	Date-Added = {2012-11-24 19:48:23 -0500},
	Date-Modified = {2012-11-24 20:22:45 -0500},
	Journal = {The American Statistician},
	Month = {April},
	Number = {2},
	Pages = {23-28},
	Title = {The Technical Tools of Statistics},
	Volume = {19},
	Year = {1965}}

@inproceedings{osc,
	Author = {Matthew Wright and Adian Freed},
	Booktitle = {Proc. of {I}nternational {C}omputer {M}usic {C}onference ({ICMC} 1997)},
	Date-Added = {2012-11-24 19:44:51 -0500},
	Date-Modified = {2013-02-28 12:40:15 -0500},
	Pages = {101-104},
	Title = {Open {S}ound {C}ontrol: A New Protocol for Communicating with Sound Synthesizersound Control: A New Protocol for Communicating with Sound Synthesizers},
	Year = {1997}}

@inproceedings{wanderley,
	Author = {Andy Hunt and Marcelo M. Wanderley and Ross Kirk},
	Booktitle = {Proc. of {I}nternational {C}omputer {M}usic {C}onference ({ICMC} 2000)},
	Date-Added = {2012-11-24 19:38:44 -0500},
	Date-Modified = {2013-02-28 12:37:48 -0500},
	Pages = {2-5},
	Title = {Towards a Model for Instrumental Mapping in Expert Musical Interaction},
	Year = {2000}}

@book{tufte1,
	Author = {Edward R. Tufte},
	Publisher = {Graphics Press},
	Title = {Beautiful Evidence},
	Year = {2006}}

@book{tufte2,
	Author = {Edward R. Tufte},
	Publisher = {Graphics Press},
	Title = {Envisioning Information},
	Year = {1990}}

@inproceedings{malloch,
	Author = {Joseph Malloch and Stephen Sinclair and Marcelo M. Wanderley},
	Booktitle = {Proc. of {C}omputer {M}usic {M}odeling and {R}etrieval ({CMMR} 2008)},
	Date-Modified = {2013-02-28 12:38:42 -0500},
	Pages = {401-425},
	Title = {A network-based framework for collaborative development and performance of digital musical instruments.},
	Year = {2008}}
