%% This BibTeX bibliography file was created using BibDesk.
%% http://bibdesk.sourceforge.net/


%% Created for Aaron Krajeski at 2013-02-18 16:46:51 -0500 


%% Saved with string encoding Unicode (UTF-8) 



@inproceedings{senseStage,
	Author = {Marije Baalman and Vincent de Belleval and Christopher L. Salter and Joseph Malloch and Joseph Thibodeau and Marcelo M. Wanderley},
	Booktitle = {Proc. of Linux Audio Conference},
	Date-Added = {2013-02-10 19:02:53 -0500},
	Date-Modified = {2013-02-10 21:16:30 -0500},
	Pages = {242-249},
	Title = {Sense/Stage - Low cost, open source wireless sensor infrastructure for live performance and interactive, real-time environments},
	Year = {2010}}

@article{usd,
	Author = {Rob Kling},
	Date-Added = {2013-01-12 15:14:25 -0500},
	Date-Modified = {2013-01-12 15:17:39 -0500},
	Journal = {MIS Quarterly},
	Month = {December},
	Number = {4},
	Pages = {41-52},
	Title = {The Organizational Context of User-Centered Software Designs},
	Volume = {1},
	Year = {1977}}

@inproceedings{MPGcarepackage,
	Author = {Nathan Wolek},
	Booktitle = {Proc. of the Society for Electro-Acoustic Music in the United States (SEAMUS 2010)},
	Date-Added = {2012-11-24 20:18:20 -0500},
	Date-Modified = {2013-02-10 19:01:20 -0500},
	Title = {The MPG Carepackage: coordinating collective improvisation in Max/MSP},
	Year = {2010}}

@conference{jamoma,
	Author = {Tim Place and Trond Lossius},
	Booktitle = {Proc. of International Computer Music Conference (ICMC 2006)},
	Date-Added = {2012-11-24 20:11:57 -0500},
	Date-Modified = {2013-02-10 19:07:10 -0500},
	Title = {Jamoma: A Modular Standard for Structuring Patches in Max},
	Year = {2006}}

@inproceedings{GDIF,
	Author = {Alexander R. Jensenius and Tellef Kvifte and Rolf Inge God{\o}y},
	Booktitle = {Proc. of the 2006 International Conference on New Interfaces for Musical Expression (NIME06)},
	Date-Added = {2012-11-24 20:10:39 -0500},
	Date-Modified = {2013-02-10 19:09:55 -0500},
	Pages = {176-179},
	Title = {Towards a Gesture Description Interchange Format},
	Year = {2006}}

@mastersthesis{inclusiveInterconnections,
	Address = {Huddersfield, England},
	Author = {Graham Booth},
	Date-Added = {2012-11-24 20:07:01 -0500},
	Date-Modified = {2012-11-24 20:08:54 -0500},
	School = {University of Huddersfield},
	Title = {Inclusive Interconnections: Towards Open-Ended Parameter-Sharing for Laptop Ensemble},
	Year = {2010}}

@mastersthesis{vizmapper,
	Address = {Montreal, Canada},
	Author = {Vijay Rudraraju},
	Date-Added = {2012-11-24 20:05:02 -0500},
	Date-Modified = {2012-11-24 20:05:47 -0500},
	Month = {December},
	School = {McGill University},
	Title = {A Tool for Configuring Mappings for Musical Systems using Wireless Sensor Networks},
	Year = {2011}}

@article{junxion,
	Author = {STEIM},
	Date-Added = {2012-11-24 20:02:13 -0500},
	Date-Modified = {2012-11-24 20:24:10 -0500},
	Journal = {Computer Music Journal},
	Month = {Summer},
	Number = {2},
	Pages = {105-107},
	Title = {Products of Interest},
	Volume = {28},
	Year = {2004}}

@article{HEB,
	Author = {Danny Holten},
	Date-Added = {2012-11-24 20:00:53 -0500},
	Date-Modified = {2013-02-10 18:52:30 -0500},
	Journal = {IEEE Transactions on Visualization and Computer Graphiscs},
	Month = {September/October},
	Number = {5},
	Pages = {741-748},
	Title = {Hierarchical Edge Bundles: Visualization of Adjacency Relations in Hierarchical Data},
	Volume = {12},
	Year = {2006}}

@inproceedings{integra,
	Author = {Jamie Bullock and Daniel Beattie and Jerome Turner},
	Booktitle = {Proc. of International Conference on New Interfaces for Musical Expression},
	Date-Added = {2012-11-24 19:56:21 -0500},
	Date-Modified = {2013-02-10 18:41:50 -0500},
	Pages = {387 - 392},
	Title = {Integra Live: a new graphical user interface for live electronic music},
	Year = {2011}}

@inproceedings{allosphere,
	Author = {Tobias H{\"o}llerer and JoAnn Kuchera-Morin and Xavier Amatriain},
	Booktitle = {Proc. of Workshop on Emerging Displays Technologies},
	Date-Added = {2012-11-24 19:49:39 -0500},
	Date-Modified = {2013-02-10 18:50:33 -0500},
	Organization = {ACM Press},
	Pages = {21 - 28},
	Title = {The Allosphere: A Large-Scale Immersive Surround-View Instrument},
	Year = {2007}}

@article{tuckey,
	Author = {John W. Tuckey},
	Date-Added = {2012-11-24 19:48:23 -0500},
	Date-Modified = {2012-11-24 20:22:45 -0500},
	Journal = {The American Statistician},
	Month = {April},
	Number = {2},
	Pages = {23-28},
	Title = {The Technical Tools of Statistics},
	Volume = {19},
	Year = {1965}}

@inproceedings{osc,
	Author = {Matthew Wright and Adian Freed},
	Booktitle = {Proc. of International Computer Music Conference (ICMC 1997)},
	Date-Added = {2012-11-24 19:44:51 -0500},
	Date-Modified = {2013-02-10 19:02:19 -0500},
	Pages = {101-104},
	Title = {Open SoundControl: A New Protocol for Communicating with Sound Synthesizers},
	Year = {1997}}

@inproceedings{wanderley,
	Author = {Andy Hunt and Marcelo M. Wanderley and Ross Kirk},
	Booktitle = {Proc. of International Computer Music Conference (ICMC 2000)},
	Date-Added = {2012-11-24 19:38:44 -0500},
	Date-Modified = {2013-02-10 19:08:40 -0500},
	Pages = {2-5},
	Title = {Towards a Model for Instrumental Mapping in Expert Musical Interaction},
	Year = {2000}}

@book{tufte1,
	Author = {Edward R. Tufte},
	Publisher = {Graphics Press},
	Title = {Beautiful Evidence},
	Year = {2006}}

@book{tufte2,
	Author = {Edward R. Tufte},
	Publisher = {Graphics Press},
	Title = {Envisioning Information},
	Year = {1990}}

@article{malloch,
	Author = {Joseph Malloch and Stephen Sinclair and Marcelo M. Wanderley},
	Date-Modified = {2012-11-23 15:31:06 -0500},
	Journal = {R. Kronland-Martinet, S. Ystad, and K Jensen. (Eds.): CMMR 2007, - Proc. of Computer Music Modeling and Retrieval 2007, Conference, LNCS 4969. Berlin Heidelberg: Springer-Verlag},
	Pages = {401-425},
	Title = {A network-based framework for collaborative development and performance of digital musical instruments.},
	Year = {2008}}

@comment{BibDesk Static Groups{
<?xml version="1.0" encoding="UTF-8"?>
<!DOCTYPE plist PUBLIC "-//Apple//DTD PLIST 1.0//EN" "http://www.apple.com/DTDs/PropertyList-1.0.dtd">
<plist version="1.0">
<array>
	<dict>
		<key>group name</key>
		<string>Proposal</string>
		<key>keys</key>
		<string>MPGcarepackage,osc,tufte2,vizmapper,tuckey,integra,tufte1,senseStage,jamoma,wanderley,allosphere,GDIF,HEB,inclusiveInterconnections,junxion,malloch</string>
	</dict>
</array>
</plist>
}}
