
@webpage{eaganmatrix,
		author = {Haken Audio},
		title = {Eagen Matrix},
		year = {2103},
		url = {http://www.hakenaudio.com/Continuum/eaganmatrixoverv.html}
}

@webpage{osculator,
		author = {Wildora},
		title = {Osculator},
		year = {2012},
		month = {May},
		url = {http://www.osculator.net/}
}

@webpage{patchage,
		author = {David Robillard},
		title = {Patchage},
		year = {2011},
		month = {January},
		url = {http://drobilla.net/software/patchage/},
}

@webpage{notbraun,
		author = {Jamie Bullock},
		title = {Braun},
		year = {2008},
		month = {March},
		url = {http://sourceforge.net/projects/braun/}
}