%% This BibTeX bibliography file was created using BibDesk.
%% http://bibdesk.sourceforge.net/


%% Created for Aaron Krajeski at 2013-06-21 08:00:27 -0400 


%% Saved with string encoding Unicode (UTF-8) 



@article{mappingstrategies,
	Annote = {Talks about mapping tasks, espcially for office machines.},
	Author = {Andy Hunt and Ross Kirk},
	Date-Added = {2013-06-20 15:11:58 +0000},
	Date-Modified = {2013-06-20 15:14:59 +0000},
	Journal = {Trends in Gestural Control of Music},
	Keywords = {mapping},
	Title = {Mapping Strategies for Musical Performance},
	Year = {2000},
	Bdsk-File-1 = {YnBsaXN0MDDUAQIDBAUGJCVYJHZlcnNpb25YJG9iamVjdHNZJGFyY2hpdmVyVCR0b3ASAAGGoKgHCBMUFRYaIVUkbnVsbNMJCgsMDxJXTlMua2V5c1pOUy5vYmplY3RzViRjbGFzc6INDoACgAOiEBGABIAFgAdccmVsYXRpdmVQYXRoWWFsaWFzRGF0YV8QN2dlc3R1cmVzX2NsYXNzX3JlYWRpbmdzL3AuaHVua2lyLW1hcHBpbmdfc3RyYXRlZ2llcy5wZGbSFwsYGVdOUy5kYXRhTxECSgAAAAACSgACAAAKSGllcm9ueW11cwAAAAAAAAAAAAAAAAAAAAAAzVQHb0grAAAAAfZ3H3AuaHVua2lyLW1hcHBpbmdfc3RyYXRlZ2llcy5wZGYAAAAAAAAAAAAAAAAAAAAAAAAAAAAAAAAAAAAAAAAAAAAB9n/Kt6XAAAAAAAAAAAAAAQADAAAJAAAAAAAAAAAAAAAAAAAAABdnZXN0dXJlc19jbGFzc19yZWFkaW5ncwAAEAAIAADNVE2/AAAAEQAIAADKt94AAAAAAQAYAAH2dwAUCsAAE6IdAAPqEwAAAGMAAABgAAIAdUhpZXJvbnltdXM6VXNlcnM6AGFhcm9ua3JhamVza2k6AERlc2t0b3A6AFRIRVNJUzoAY2l0YXRpb25zOgBnZXN0dXJlc19jbGFzc19yZWFkaW5nczoAcC5odW5raXItbWFwcGluZ19zdHJhdGVnaWVzLnBkZgAADgBAAB8AcAAuAGgAdQBuAGsAaQByAC0AbQBhAHAAcABpAG4AZwBfAHMAdAByAGEAdABlAGcAaQBlAHMALgBwAGQAZgAPABYACgBIAGkAZQByAG8AbgB5AG0AdQBzABIAZS9Vc2Vycy9hYXJvbmtyYWplc2tpL0Rlc2t0b3AvVEhFU0lTL2NpdGF0aW9ucy9nZXN0dXJlc19jbGFzc19yZWFkaW5ncy9wLmh1bmtpci1tYXBwaW5nX3N0cmF0ZWdpZXMucGRmAAATABMvVm9sdW1lcy9IaWVyb255bXVzAAAVAAIAJ///AACABtIbHB0eWiRjbGFzc25hbWVYJGNsYXNzZXNdTlNNdXRhYmxlRGF0YaMdHyBWTlNEYXRhWE5TT2JqZWN00hscIiNcTlNEaWN0aW9uYXJ5oiIgXxAPTlNLZXllZEFyY2hpdmVy0SYnVHJvb3SAAQAIABEAGgAjAC0AMgA3AEAARgBNAFUAYABnAGoAbABuAHEAcwB1AHcAhACOAMgAzQDVAyMDJQMqAzUDPgNMA1ADVwNgA2UDcgN1A4cDigOPAAAAAAAAAgEAAAAAAAAAKAAAAAAAAAAAAAAAAAAAA5E=}}

@article{usd_schulze,
	Author = {Anna Noakes Schulze},
	Date-Added = {2013-06-19 16:07:28 +0000},
	Date-Modified = {2013-06-19 16:08:48 +0000},
	Journal = {Journal of Education for Library and Information Science,},
	Keywords = {user centered design},
	Number = {2},
	Pages = {116-122},
	Title = {User-Centered Design for Information Professionals},
	Volume = {42},
	Year = {2001},
	Bdsk-File-1 = {YnBsaXN0MDDUAQIDBAUGJCVYJHZlcnNpb25YJG9iamVjdHNZJGFyY2hpdmVyVCR0b3ASAAGGoKgHCBMUFRYaIVUkbnVsbNMJCgsMDxJXTlMua2V5c1pOUy5vYmplY3RzViRjbGFzc6INDoACgAOiEBGABIAFgAdccmVsYXRpdmVQYXRoWWFsaWFzRGF0YV8QPnVzZXJfY2VudGVyZWRfZGVzaWduL3NjaHVsemUtZm9yX2luZm9ybWF0aW9uX3Byb2Zlc3Npb25hbHMucGRm0hcLGBlXTlMuZGF0YU8RAlwAAAAAAlwAAgAACkhpZXJvbnltdXMAAAAAAAAAAAAAAAAAAAAAAM1UB29IKwAAAAH2kh9zY2h1bHplLWZvcl9pbmZvcm1hdGkjMUY2OTUucGRmAAAAAAAAAAAAAAAAAAAAAAAAAAAAAAAAAAAAAAAAAAAAAfaVzRcrcAAAAAAAAAAAAAEAAwAACQAAAAAAAAAAAAAAAAAAAAAUdXNlcl9jZW50ZXJlZF9kZXNpZ24AEAAIAADNVE2/AAAAEQAIAADNF3HAAAAAAQAYAAH2kgAUCsAAE6IdAAPqEwAAAGMAAABgAAIAckhpZXJvbnltdXM6VXNlcnM6AGFhcm9ua3JhamVza2k6AERlc2t0b3A6AFRIRVNJUzoAY2l0YXRpb25zOgB1c2VyX2NlbnRlcmVkX2Rlc2lnbjoAc2NodWx6ZS1mb3JfaW5mb3JtYXRpIzFGNjk1LnBkZgAOAFQAKQBzAGMAaAB1AGwAegBlAC0AZgBvAHIAXwBpAG4AZgBvAHIAbQBhAHQAaQBvAG4AXwBwAHIAbwBmAGUAcwBzAGkAbwBuAGEAbABzAC4AcABkAGYADwAWAAoASABpAGUAcgBvAG4AeQBtAHUAcwASAGwvVXNlcnMvYWFyb25rcmFqZXNraS9EZXNrdG9wL1RIRVNJUy9jaXRhdGlvbnMvdXNlcl9jZW50ZXJlZF9kZXNpZ24vc2NodWx6ZS1mb3JfaW5mb3JtYXRpb25fcHJvZmVzc2lvbmFscy5wZGYAEwATL1ZvbHVtZXMvSGllcm9ueW11cwAAFQACACf//wAAgAbSGxwdHlokY2xhc3NuYW1lWCRjbGFzc2VzXU5TTXV0YWJsZURhdGGjHR8gVk5TRGF0YVhOU09iamVjdNIbHCIjXE5TRGljdGlvbmFyeaIiIF8QD05TS2V5ZWRBcmNoaXZlctEmJ1Ryb290gAEACAARABoAIwAtADIANwBAAEYATQBVAGAAZwBqAGwAbgBxAHMAdQB3AIQAjgDPANQA3AM8Az4DQwNOA1cDZQNpA3ADeQN+A4sDjgOgA6MDqAAAAAAAAAIBAAAAAAAAACgAAAAAAAAAAAAAAAAAAAOq}}

@article{usd_corry,
	Author = {Michael D. Corry and Theodore W. Frick and Lisa Hansen},
	Date-Added = {2013-06-19 16:05:31 +0000},
	Date-Modified = {2013-06-19 16:07:02 +0000},
	Journal = {Educational Technology Research and Development},
	Keywords = {user centered design},
	Number = {4},
	Pages = {65-76},
	Title = {User-Centered Design and Usability Testing of a Web Site: An Illustrative Case Study},
	Volume = {45},
	Year = {1997},
	Bdsk-File-1 = {YnBsaXN0MDDUAQIDBAUGJCVYJHZlcnNpb25YJG9iamVjdHNZJGFyY2hpdmVyVCR0b3ASAAGGoKgHCBMUFRYaIVUkbnVsbNMJCgsMDxJXTlMua2V5c1pOUy5vYmplY3RzViRjbGFzc6INDoACgAOiEBGABIAFgAdccmVsYXRpdmVQYXRoWWFsaWFzRGF0YV8QMHVzZXJfY2VudGVyZWRfZGVzaWduL2NvcnJ5LXVzYWJpbGl0eV90ZXN0aW5nLnBkZtIXCxgZV05TLmRhdGFPEQIuAAAAAAIuAAIAAApIaWVyb255bXVzAAAAAAAAAAAAAAAAAAAAAADNVAdvSCsAAAAB9pIbY29ycnktdXNhYmlsaXR5X3Rlc3RpbmcucGRmAAAAAAAAAAAAAAAAAAAAAAAAAAAAAAAAAAAAAAAAAAAAAAAAAAH2lM0XK+MAAAAAAAAAAAABAAMAAAkAAAAAAAAAAAAAAAAAAAAAFHVzZXJfY2VudGVyZWRfZGVzaWduABAACAAAzVRNvwAAABEACAAAzRdyMwAAAAEAGAAB9pIAFArAABOiHQAD6hMAAABjAAAAYAACAG5IaWVyb255bXVzOlVzZXJzOgBhYXJvbmtyYWplc2tpOgBEZXNrdG9wOgBUSEVTSVM6AGNpdGF0aW9uczoAdXNlcl9jZW50ZXJlZF9kZXNpZ246AGNvcnJ5LXVzYWJpbGl0eV90ZXN0aW5nLnBkZgAOADgAGwBjAG8AcgByAHkALQB1AHMAYQBiAGkAbABpAHQAeQBfAHQAZQBzAHQAaQBuAGcALgBwAGQAZgAPABYACgBIAGkAZQByAG8AbgB5AG0AdQBzABIAXi9Vc2Vycy9hYXJvbmtyYWplc2tpL0Rlc2t0b3AvVEhFU0lTL2NpdGF0aW9ucy91c2VyX2NlbnRlcmVkX2Rlc2lnbi9jb3JyeS11c2FiaWxpdHlfdGVzdGluZy5wZGYAEwATL1ZvbHVtZXMvSGllcm9ueW11cwAAFQACACf//wAAgAbSGxwdHlokY2xhc3NuYW1lWCRjbGFzc2VzXU5TTXV0YWJsZURhdGGjHR8gVk5TRGF0YVhOU09iamVjdNIbHCIjXE5TRGljdGlvbmFyeaIiIF8QD05TS2V5ZWRBcmNoaXZlctEmJ1Ryb290gAEACAARABoAIwAtADIANwBAAEYATQBVAGAAZwBqAGwAbgBxAHMAdQB3AIQAjgDBAMYAzgMAAwIDBwMSAxsDKQMtAzQDPQNCA08DUgNkA2cDbAAAAAAAAAIBAAAAAAAAACgAAAAAAAAAAAAAAAAAAANu}}

@webpage{xeaganmatrix_nocite,
	Author = {HakenAudio},
	Date-Added = {2013-06-19 15:48:32 +0000},
	Date-Modified = {2013-06-19 20:02:41 +0000},
	Keywords = {mapping UI},
	Lastchecked = {June 19, 2013},
	Month = {April},
	Title = {Eagan Matrix},
	Url = {http://www.hakenaudio.com/Continuum/eaganmatrixoverv.html},
	Year = {2013},
	Bdsk-Url-1 = {http://www.hakenaudio.com/Continuum/eaganmatrixoverv.html}}

@webpage{xosculator_nocite,
	Author = {Wildora},
	Date-Added = {2013-06-19 15:38:21 +0000},
	Date-Modified = {2013-06-19 20:02:46 +0000},
	Keywords = {mapping UI},
	Lastchecked = {June 19, 2013},
	Month = {May},
	Title = {Osculator},
	Url = {http://www.osculator.net/},
	Year = {2012},
	Bdsk-Url-1 = {http://www.osculator.net/}}

@webpage{xpatchage_nocite,
	Author = {David Robillard},
	Date-Added = {2013-06-19 15:34:55 +0000},
	Date-Modified = {2013-06-19 20:02:51 +0000},
	Keywords = {mapping UI},
	Lastchecked = {June 19, 2013},
	Month = {January},
	Title = {Patchage},
	Url = {http://drobilla.net/software/patchage/},
	Year = {2011},
	Bdsk-Url-1 = {http://drobilla.net/software/patchage/}}

@webpage{braun,
	Author = {Jamie Bullock},
	Date-Added = {2013-06-19 15:32:39 +0000},
	Date-Modified = {2013-06-19 20:43:09 +0000},
	Keywords = {OSC, data vizualization},
	Lastchecked = {June, 19 2013},
	Month = {March},
	Title = {Braun},
	Url = {http://sourceforge.net/projects/braun/},
	Year = {2008},
	Bdsk-Url-1 = {http://sourceforge.net/projects/braun/}}

@article{MVC_krasnerpope,
	Author = {Glenn Krasner and Stephen Pope},
	Date-Added = {2013-06-19 15:18:57 +0000},
	Date-Modified = {2013-06-19 15:50:51 +0000},
	Journal = {Journal of Object-Oriented Programming},
	Keywords = {MVC},
	Number = {3},
	Pages = {26-49},
	Read = {1},
	Title = {A Cookbook for Using the Model-View-Controller User Interface Paradigm in Smalltalk-80},
	Volume = {1},
	Year = {1988},
	Bdsk-File-1 = {YnBsaXN0MDDUAQIDBAUGJCVYJHZlcnNpb25YJG9iamVjdHNZJGFyY2hpdmVyVCR0b3ASAAGGoKgHCBMUFRYaIVUkbnVsbNMJCgsMDxJXTlMua2V5c1pOUy5vYmplY3RzViRjbGFzc6INDoACgAOiEBGABIAFgAdccmVsYXRpdmVQYXRoWWFsaWFzRGF0YV8QFU1WQy9LcmFzbmVyUG9wZTg4LnBkZtIXCxgZV05TLmRhdGFPEQHWAAAAAAHWAAIAAApIaWVyb255bXVzAAAAAAAAAAAAAAAAAAAAAADNVAdvSCsAAAAUCD8RS3Jhc25lclBvcGU4OC5wZGYAAAAAAAAAAAAAAAAAAAAAAAAAAAAAAAAAAAAAAAAAAAAAAAAAAAAAAAAAAAAAABQOic3VCj0AAAAAAAAAAAABAAMAAAkAAAAAAAAAAAAAAAAAAAAAA01WQwAAEAAIAADNVE2/AAAAEQAIAADN1UJ9AAAAAQAYABQIPwAUCsAAE6IdAAPqEwAAAGMAAABgAAIAU0hpZXJvbnltdXM6VXNlcnM6AGFhcm9ua3JhamVza2k6AERlc2t0b3A6AFRIRVNJUzoAY2l0YXRpb25zOgBNVkM6AEtyYXNuZXJQb3BlODgucGRmAAAOACQAEQBLAHIAYQBzAG4AZQByAFAAbwBwAGUAOAA4AC4AcABkAGYADwAWAAoASABpAGUAcgBvAG4AeQBtAHUAcwASAEMvVXNlcnMvYWFyb25rcmFqZXNraS9EZXNrdG9wL1RIRVNJUy9jaXRhdGlvbnMvTVZDL0tyYXNuZXJQb3BlODgucGRmAAATABMvVm9sdW1lcy9IaWVyb255bXVzAAAVAAIAJ///AACABtIbHB0eWiRjbGFzc25hbWVYJGNsYXNzZXNdTlNNdXRhYmxlRGF0YaMdHyBWTlNEYXRhWE5TT2JqZWN00hscIiNcTlNEaWN0aW9uYXJ5oiIgXxAPTlNLZXllZEFyY2hpdmVy0SYnVHJvb3SAAQAIABEAGgAjAC0AMgA3AEAARgBNAFUAYABnAGoAbABuAHEAcwB1AHcAhACOAKYAqwCzAo0CjwKUAp8CqAK2AroCwQLKAs8C3ALfAvEC9AL5AAAAAAAAAgEAAAAAAAAAKAAAAAAAAAAAAAAAAAAAAvs=}}

@inproceedings{senseStage,
	Author = {Marije Baalman and Vincent de Belleval and Christopher L. Salter and Joseph Malloch and Joseph Thibodeau and Marcelo M. Wanderley},
	Booktitle = {Proc. of Linux Audio Conference},
	Date-Added = {2013-02-10 19:02:53 -0500},
	Date-Modified = {2013-06-19 16:02:18 +0000},
	Keywords = {mapping, libmapper},
	Pages = {242-249},
	Title = {Sense/Stage - Low cost, open source wireless sensor infrastructure for live performance and interactive, real-time environments},
	Year = {2010}}

@article{usd,
	Author = {Rob Kling},
	Date-Added = {2013-01-12 15:14:25 -0500},
	Date-Modified = {2013-06-19 16:03:23 +0000},
	Journal = {MIS Quarterly},
	Keywords = {user centered design},
	Month = {December},
	Number = {4},
	Pages = {41-52},
	Title = {The Organizational Context of User-Centered Software Designs},
	Volume = {1},
	Year = {1977},
	Bdsk-File-1 = {YnBsaXN0MDDUAQIDBAUGJCVYJHZlcnNpb25YJG9iamVjdHNZJGFyY2hpdmVyVCR0b3ASAAGGoKgHCBMUFRYaIVUkbnVsbNMJCgsMDxJXTlMua2V5c1pOUy5vYmplY3RzViRjbGFzc6INDoACgAOiEBGABIAFgAdccmVsYXRpdmVQYXRoWWFsaWFzRGF0YV8QMnVzZXJfY2VudGVyZWRfZGVzaWduL3VzZXJfY2VudGVyZWRfZGVzaWduXzE5NzcucGRm0hcLGBlXTlMuZGF0YU8RAjYAAAAAAjYAAgAACkhpZXJvbnltdXMAAAAAAAAAAAAAAAAAAAAAAM1UB29IKwAAAAH2kh11c2VyX2NlbnRlcmVkX2Rlc2lnbl8xOTc3LnBkZgAAAAAAAAAAAAAAAAAAAAAAAAAAAAAAAAAAAAAAAAAAAAAAAfaWzRcsaQAAAAAAAAAAAAEAAwAACQAAAAAAAAAAAAAAAAAAAAAUdXNlcl9jZW50ZXJlZF9kZXNpZ24AEAAIAADNVE2/AAAAEQAIAADNF3K5AAAAAQAYAAH2kgAUCsAAE6IdAAPqEwAAAGMAAABgAAIAcEhpZXJvbnltdXM6VXNlcnM6AGFhcm9ua3JhamVza2k6AERlc2t0b3A6AFRIRVNJUzoAY2l0YXRpb25zOgB1c2VyX2NlbnRlcmVkX2Rlc2lnbjoAdXNlcl9jZW50ZXJlZF9kZXNpZ25fMTk3Ny5wZGYADgA8AB0AdQBzAGUAcgBfAGMAZQBuAHQAZQByAGUAZABfAGQAZQBzAGkAZwBuAF8AMQA5ADcANwAuAHAAZABmAA8AFgAKAEgAaQBlAHIAbwBuAHkAbQB1AHMAEgBgL1VzZXJzL2Fhcm9ua3JhamVza2kvRGVza3RvcC9USEVTSVMvY2l0YXRpb25zL3VzZXJfY2VudGVyZWRfZGVzaWduL3VzZXJfY2VudGVyZWRfZGVzaWduXzE5NzcucGRmABMAEy9Wb2x1bWVzL0hpZXJvbnltdXMAABUAAgAn//8AAIAG0hscHR5aJGNsYXNzbmFtZVgkY2xhc3Nlc11OU011dGFibGVEYXRhox0fIFZOU0RhdGFYTlNPYmplY3TSGxwiI1xOU0RpY3Rpb25hcnmiIiBfEA9OU0tleWVkQXJjaGl2ZXLRJidUcm9vdIABAAgAEQAaACMALQAyADcAQABGAE0AVQBgAGcAagBsAG4AcQBzAHUAdwCEAI4AwwDIANADCgMMAxEDHAMlAzMDNwM+A0cDTANZA1wDbgNxA3YAAAAAAAACAQAAAAAAAAAoAAAAAAAAAAAAAAAAAAADeA==}}

@inproceedings{MPGcarepackage,
	Author = {Nathan Wolek},
	Booktitle = {Proc. of the Society for Electro-Acoustic Music in the United States (SEAMUS 2010)},
	Date-Added = {2012-11-24 20:18:20 -0500},
	Date-Modified = {2013-06-19 15:59:27 +0000},
	Keywords = {mapping},
	Title = {The MPG Carepackage: coordinating collective improvisation in Max/MSP},
	Year = {2010},
	Bdsk-File-1 = {YnBsaXN0MDDUAQIDBAUGJCVYJHZlcnNpb25YJG9iamVjdHNZJGFyY2hpdmVyVCR0b3ASAAGGoKgHCBMUFRYaIVUkbnVsbNMJCgsMDxJXTlMua2V5c1pOUy5vYmplY3RzViRjbGFzc6INDoACgAOiEBGABIAFgAdccmVsYXRpdmVQYXRoWWFsaWFzRGF0YV8QH21hcHBpbmcvbXBnY2FyZXBhY2thZ2VfMjAxMC5wZGbSFwsYGVdOUy5kYXRhTxEB+gAAAAAB+gACAAAKSGllcm9ueW11cwAAAAAAAAAAAAAAAAAAAAAAzVQHb0grAAAAFAtEF21wZ2NhcmVwYWNrYWdlXzIwMTAucGRmAAAAAAAAAAAAAAAAAAAAAAAAAAAAAAAAAAAAAAAAAAAAAAAAAAAAAAAB9pDMzsJ1AAAAAAAAAAAAAQADAAAJAAAAAAAAAAAAAAAAAAAAAAdtYXBwaW5nAAAQAAgAAM1UTb8AAAARAAgAAMzPCMUAAAABABgAFAtEABQKwAAToh0AA+oTAAAAYwAAAGAAAgBdSGllcm9ueW11czpVc2VyczoAYWFyb25rcmFqZXNraToARGVza3RvcDoAVEhFU0lTOgBjaXRhdGlvbnM6AG1hcHBpbmc6AG1wZ2NhcmVwYWNrYWdlXzIwMTAucGRmAAAOADAAFwBtAHAAZwBjAGEAcgBlAHAAYQBjAGsAYQBnAGUAXwAyADAAMQAwAC4AcABkAGYADwAWAAoASABpAGUAcgBvAG4AeQBtAHUAcwASAE0vVXNlcnMvYWFyb25rcmFqZXNraS9EZXNrdG9wL1RIRVNJUy9jaXRhdGlvbnMvbWFwcGluZy9tcGdjYXJlcGFja2FnZV8yMDEwLnBkZgAAEwATL1ZvbHVtZXMvSGllcm9ueW11cwAAFQACACf//wAAgAbSGxwdHlokY2xhc3NuYW1lWCRjbGFzc2VzXU5TTXV0YWJsZURhdGGjHR8gVk5TRGF0YVhOU09iamVjdNIbHCIjXE5TRGljdGlvbmFyeaIiIF8QD05TS2V5ZWRBcmNoaXZlctEmJ1Ryb290gAEACAARABoAIwAtADIANwBAAEYATQBVAGAAZwBqAGwAbgBxAHMAdQB3AIQAjgCwALUAvQK7Ar0CwgLNAtYC5ALoAu8C+AL9AwoDDQMfAyIDJwAAAAAAAAIBAAAAAAAAACgAAAAAAAAAAAAAAAAAAAMp}}

@conference{jamoma,
	Author = {Tim Place and Trond Lossius},
	Booktitle = {Proc. of International Computer Music Conference (ICMC 2006)},
	Date-Added = {2012-11-24 20:11:57 -0500},
	Date-Modified = {2013-06-19 15:56:23 +0000},
	Keywords = {mapping},
	Title = {Jamoma: A Modular Standard for Structuring Patches in Max},
	Year = {2006},
	Bdsk-File-1 = {YnBsaXN0MDDUAQIDBAUGJCVYJHZlcnNpb25YJG9iamVjdHNZJGFyY2hpdmVyVCR0b3ASAAGGoKgHCBMUFRYaIVUkbnVsbNMJCgsMDxJXTlMua2V5c1pOUy5vYmplY3RzViRjbGFzc6INDoACgAOiEBGABIAFgAdccmVsYXRpdmVQYXRoWWFsaWFzRGF0YV8QG21hcHBpbmcvamFtb21hLWljbWMyMDA2LnBkZtIXCxgZV05TLmRhdGFPEQHqAAAAAAHqAAIAAApIaWVyb255bXVzAAAAAAAAAAAAAAAAAAAAAADNVAdvSCsAAAAUC0QTamFtb21hLWljbWMyMDA2LnBkZgAAAAAAAAAAAAAAAAAAAAAAAAAAAAAAAAAAAAAAAAAAAAAAAAAAAAAAAAAAAAH2hczOncgAAAAAAAAAAAABAAMAAAkAAAAAAAAAAAAAAAAAAAAAB21hcHBpbmcAABAACAAAzVRNvwAAABEACAAAzM7kGAAAAAEAGAAUC0QAFArAABOiHQAD6hMAAABjAAAAYAACAFlIaWVyb255bXVzOlVzZXJzOgBhYXJvbmtyYWplc2tpOgBEZXNrdG9wOgBUSEVTSVM6AGNpdGF0aW9uczoAbWFwcGluZzoAamFtb21hLWljbWMyMDA2LnBkZgAADgAoABMAagBhAG0AbwBtAGEALQBpAGMAbQBjADIAMAAwADYALgBwAGQAZgAPABYACgBIAGkAZQByAG8AbgB5AG0AdQBzABIASS9Vc2Vycy9hYXJvbmtyYWplc2tpL0Rlc2t0b3AvVEhFU0lTL2NpdGF0aW9ucy9tYXBwaW5nL2phbW9tYS1pY21jMjAwNi5wZGYAABMAEy9Wb2x1bWVzL0hpZXJvbnltdXMAABUAAgAn//8AAIAG0hscHR5aJGNsYXNzbmFtZVgkY2xhc3Nlc11OU011dGFibGVEYXRhox0fIFZOU0RhdGFYTlNPYmplY3TSGxwiI1xOU0RpY3Rpb25hcnmiIiBfEA9OU0tleWVkQXJjaGl2ZXLRJidUcm9vdIABAAgAEQAaACMALQAyADcAQABGAE0AVQBgAGcAagBsAG4AcQBzAHUAdwCEAI4ArACxALkCpwKpAq4CuQLCAtAC1ALbAuQC6QL2AvkDCwMOAxMAAAAAAAACAQAAAAAAAAAoAAAAAAAAAAAAAAAAAAADFQ==}}

@inproceedings{GDIF,
	Author = {Alexander R. Jensenius and Tellef Kvifte and Rolf Inge God{\o}y},
	Booktitle = {Proc. of the 2006 International Conference on New Interfaces for Musical Expression (NIME06)},
	Date-Added = {2012-11-24 20:10:39 -0500},
	Date-Modified = {2013-06-19 15:52:49 +0000},
	Keywords = {mapping},
	Pages = {176-179},
	Title = {Towards a Gesture Description Interchange Format},
	Year = {2006},
	Bdsk-File-1 = {YnBsaXN0MDDUAQIDBAUGJCVYJHZlcnNpb25YJG9iamVjdHNZJGFyY2hpdmVyVCR0b3ASAAGGoKgHCBMUFRYaIVUkbnVsbNMJCgsMDxJXTlMua2V5c1pOUy5vYmplY3RzViRjbGFzc6INDoACgAOiEBGABIAFgAdccmVsYXRpdmVQYXRoWWFsaWFzRGF0YV8QEG1hcHBpbmcvR0RJRi5wZGbSFwsYGVdOUy5kYXRhTxEBvAAAAAABvAACAAAKSGllcm9ueW11cwAAAAAAAAAAAAAAAAAAAAAAzVQHb0grAAAAFAtECEdESUYucGRmAAAAAAAAAAAAAAAAAAAAAAAAAAAAAAAAAAAAAAAAAAAAAAAAAAAAAAAAAAAAAAAAAAAAAAAAAAAUC/LMxDdBAAAAAAAAAAAAAQADAAAJAAAAAAAAAAAAAAAAAAAAAAdtYXBwaW5nAAAQAAgAAM1UTb8AAAARAAgAAMzEfZEAAAABABgAFAtEABQKwAAToh0AA+oTAAAAYwAAAGAAAgBOSGllcm9ueW11czpVc2VyczoAYWFyb25rcmFqZXNraToARGVza3RvcDoAVEhFU0lTOgBjaXRhdGlvbnM6AG1hcHBpbmc6AEdESUYucGRmAA4AEgAIAEcARABJAEYALgBwAGQAZgAPABYACgBIAGkAZQByAG8AbgB5AG0AdQBzABIAPi9Vc2Vycy9hYXJvbmtyYWplc2tpL0Rlc2t0b3AvVEhFU0lTL2NpdGF0aW9ucy9tYXBwaW5nL0dESUYucGRmABMAEy9Wb2x1bWVzL0hpZXJvbnltdXMAABUAAgAn//8AAIAG0hscHR5aJGNsYXNzbmFtZVgkY2xhc3Nlc11OU011dGFibGVEYXRhox0fIFZOU0RhdGFYTlNPYmplY3TSGxwiI1xOU0RpY3Rpb25hcnmiIiBfEA9OU0tleWVkQXJjaGl2ZXLRJidUcm9vdIABAAgAEQAaACMALQAyADcAQABGAE0AVQBgAGcAagBsAG4AcQBzAHUAdwCEAI4AoQCmAK4CbgJwAnUCgAKJApcCmwKiAqsCsAK9AsAC0gLVAtoAAAAAAAACAQAAAAAAAAAoAAAAAAAAAAAAAAAAAAAC3A==}}

@mastersthesis{inclusiveInterconnections,
	Address = {Huddersfield, England},
	Author = {Graham Booth},
	Date-Added = {2012-11-24 20:07:01 -0500},
	Date-Modified = {2013-06-19 15:53:08 +0000},
	Keywords = {mapping UI},
	School = {University of Huddersfield},
	Title = {Inclusive Interconnections: Towards Open-Ended Parameter-Sharing for Laptop Ensemble},
	Year = {2010},
	Bdsk-File-1 = {YnBsaXN0MDDUAQIDBAUGJCVYJHZlcnNpb25YJG9iamVjdHNZJGFyY2hpdmVyVCR0b3ASAAGGoKgHCBMUFRYaIVUkbnVsbNMJCgsMDxJXTlMua2V5c1pOUy5vYmplY3RzViRjbGFzc6INDoACgAOiEBGABIAFgAdccmVsYXRpdmVQYXRoWWFsaWFzRGF0YV8QMXVzZXJfaW50ZXJmYWNlcy9pbmNsdXNpdmVfaW50ZXJjb25uZWN0aW9uMjAxMC5wZGbSFwsYGVdOUy5kYXRhTxECOAAAAAACOAACAAAKSGllcm9ueW11cwAAAAAAAAAAAAAAAAAAAAAAzVQHb0grAAAAFAspH2luY2x1c2l2ZV9pbnRlcmNvbm5lYyMxRjY4My5wZGYAAAAAAAAAAAAAAAAAAAAAAAAAAAAAAAAAAAAAAAAAAAAB9oPMzsK9AAAAAAAAAAAAAQADAAAJAAAAAAAAAAAAAAAAAAAAAA91c2VyX2ludGVyZmFjZXMAABAACAAAzVRNvwAAABEACAAAzM8JDQAAAAEAGAAUCykAFArAABOiHQAD6hMAAABjAAAAYAACAG1IaWVyb255bXVzOlVzZXJzOgBhYXJvbmtyYWplc2tpOgBEZXNrdG9wOgBUSEVTSVM6AGNpdGF0aW9uczoAdXNlcl9pbnRlcmZhY2VzOgBpbmNsdXNpdmVfaW50ZXJjb25uZWMjMUY2ODMucGRmAAAOAEQAIQBpAG4AYwBsAHUAcwBpAHYAZQBfAGkAbgB0AGUAcgBjAG8AbgBuAGUAYwB0AGkAbwBuADIAMAAxADAALgBwAGQAZgAPABYACgBIAGkAZQByAG8AbgB5AG0AdQBzABIAXy9Vc2Vycy9hYXJvbmtyYWplc2tpL0Rlc2t0b3AvVEhFU0lTL2NpdGF0aW9ucy91c2VyX2ludGVyZmFjZXMvaW5jbHVzaXZlX2ludGVyY29ubmVjdGlvbjIwMTAucGRmAAATABMvVm9sdW1lcy9IaWVyb255bXVzAAAVAAIAJ///AACABtIbHB0eWiRjbGFzc25hbWVYJGNsYXNzZXNdTlNNdXRhYmxlRGF0YaMdHyBWTlNEYXRhWE5TT2JqZWN00hscIiNcTlNEaWN0aW9uYXJ5oiIgXxAPTlNLZXllZEFyY2hpdmVy0SYnVHJvb3SAAQAIABEAGgAjAC0AMgA3AEAARgBNAFUAYABnAGoAbABuAHEAcwB1AHcAhACOAMIAxwDPAwsDDQMSAx0DJgM0AzgDPwNIA00DWgNdA28DcgN3AAAAAAAAAgEAAAAAAAAAKAAAAAAAAAAAAAAAAAAAA3k=}}

@mastersthesis{vizmapper,
	Address = {Montreal, Canada},
	Author = {Vijay Rudraraju},
	Date-Added = {2012-11-24 20:05:02 -0500},
	Date-Modified = {2013-06-19 16:02:30 +0000},
	Keywords = {mapping UI, libmapper},
	Month = {December},
	School = {McGill University},
	Title = {A Tool for Configuring Mappings for Musical Systems using Wireless Sensor Networks},
	Year = {2011},
	Bdsk-File-1 = {YnBsaXN0MDDUAQIDBAUGJCVYJHZlcnNpb25YJG9iamVjdHNZJGFyY2hpdmVyVCR0b3ASAAGGoKgHCBMUFRYaIVUkbnVsbNMJCgsMDxJXTlMua2V5c1pOUy5vYmplY3RzViRjbGFzc6INDoACgAOiEBGABIAFgAdccmVsYXRpdmVQYXRoWWFsaWFzRGF0YV8QF3NhbXBsZV90aGVzZXMvdmlqYXkucGRm0hcLGBlXTlMuZGF0YU8RAdQAAAAAAdQAAgAACkhpZXJvbnltdXMAAAAAAAAAAAAAAAAAAAAAAM1UB29IKwAAABOi8gl2aWpheS5wZGYAAAAAAAAAAAAAAAAAAAAAAAAAAAAAAAAAAAAAAAAAAAAAAAAAAAAAAAAAAAAAAAAAAAAAAAAAE6SFzdJ03AAAAAAAAAAAAAEAAwAACQAAAAAAAAAAAAAAAAAAAAANc2FtcGxlX3RoZXNlcwAAEAAIAADNVE2/AAAAEQAIAADN0q0cAAAAAQAYABOi8gAUCsAAE6IdAAPqEwAAAGMAAABgAAIAVUhpZXJvbnltdXM6VXNlcnM6AGFhcm9ua3JhamVza2k6AERlc2t0b3A6AFRIRVNJUzoAY2l0YXRpb25zOgBzYW1wbGVfdGhlc2VzOgB2aWpheS5wZGYAAA4AFAAJAHYAaQBqAGEAeQAuAHAAZABmAA8AFgAKAEgAaQBlAHIAbwBuAHkAbQB1AHMAEgBFL1VzZXJzL2Fhcm9ua3JhamVza2kvRGVza3RvcC9USEVTSVMvY2l0YXRpb25zL3NhbXBsZV90aGVzZXMvdmlqYXkucGRmAAATABMvVm9sdW1lcy9IaWVyb255bXVzAAAVAAIAJ///AACABtIbHB0eWiRjbGFzc25hbWVYJGNsYXNzZXNdTlNNdXRhYmxlRGF0YaMdHyBWTlNEYXRhWE5TT2JqZWN00hscIiNcTlNEaWN0aW9uYXJ5oiIgXxAPTlNLZXllZEFyY2hpdmVy0SYnVHJvb3SAAQAIABEAGgAjAC0AMgA3AEAARgBNAFUAYABnAGoAbABuAHEAcwB1AHcAhACOAKgArQC1Ao0CjwKUAp8CqAK2AroCwQLKAs8C3ALfAvEC9AL5AAAAAAAAAgEAAAAAAAAAKAAAAAAAAAAAAAAAAAAAAvs=}}

@article{junxion,
	Author = {STEIM},
	Date-Added = {2012-11-24 20:02:13 -0500},
	Date-Modified = {2013-06-19 15:58:02 +0000},
	Journal = {Computer Music Journal},
	Keywords = {mapping UI},
	Month = {Summer},
	Number = {2},
	Pages = {105-107},
	Title = {JunXion - Products of Interest},
	Volume = {28},
	Year = {2004},
	Bdsk-File-1 = {YnBsaXN0MDDUAQIDBAUGJCVYJHZlcnNpb25YJG9iamVjdHNZJGFyY2hpdmVyVCR0b3ASAAGGoKgHCBMUFRYaIVUkbnVsbNMJCgsMDxJXTlMua2V5c1pOUy5vYmplY3RzViRjbGFzc6INDoACgAOiEBGABIAFgAdccmVsYXRpdmVQYXRoWWFsaWFzRGF0YV8QI3VzZXJfaW50ZXJmYWNlcy9qdW54aW9uX3BvaTIwMDQucGRm0hcLGBlXTlMuZGF0YU8RAgIAAAAAAgIAAgAACkhpZXJvbnltdXMAAAAAAAAAAAAAAAAAAAAAAM1UB29IKwAAABQLKRNqdW54aW9uX3BvaTIwMDQucGRmAAAAAAAAAAAAAAAAAAAAAAAAAAAAAAAAAAAAAAAAAAAAAAAAAAAAAAAAAAAAAfaGzM7XsgAAAAAAAAAAAAEAAwAACQAAAAAAAAAAAAAAAAAAAAAPdXNlcl9pbnRlcmZhY2VzAAAQAAgAAM1UTb8AAAARAAgAAMzPHgIAAAABABgAFAspABQKwAAToh0AA+oTAAAAYwAAAGAAAgBhSGllcm9ueW11czpVc2VyczoAYWFyb25rcmFqZXNraToARGVza3RvcDoAVEhFU0lTOgBjaXRhdGlvbnM6AHVzZXJfaW50ZXJmYWNlczoAanVueGlvbl9wb2kyMDA0LnBkZgAADgAoABMAagB1AG4AeABpAG8AbgBfAHAAbwBpADIAMAAwADQALgBwAGQAZgAPABYACgBIAGkAZQByAG8AbgB5AG0AdQBzABIAUS9Vc2Vycy9hYXJvbmtyYWplc2tpL0Rlc2t0b3AvVEhFU0lTL2NpdGF0aW9ucy91c2VyX2ludGVyZmFjZXMvanVueGlvbl9wb2kyMDA0LnBkZgAAEwATL1ZvbHVtZXMvSGllcm9ueW11cwAAFQACACf//wAAgAbSGxwdHlokY2xhc3NuYW1lWCRjbGFzc2VzXU5TTXV0YWJsZURhdGGjHR8gVk5TRGF0YVhOU09iamVjdNIbHCIjXE5TRGljdGlvbmFyeaIiIF8QD05TS2V5ZWRBcmNoaXZlctEmJ1Ryb290gAEACAARABoAIwAtADIANwBAAEYATQBVAGAAZwBqAGwAbgBxAHMAdQB3AIQAjgC0ALkAwQLHAskCzgLZAuIC8AL0AvsDBAMJAxYDGQMrAy4DMwAAAAAAAAIBAAAAAAAAACgAAAAAAAAAAAAAAAAAAAM1}}

@article{HEB,
	Author = {Danny Holten},
	Date-Added = {2012-11-24 20:00:53 -0500},
	Date-Modified = {2013-06-19 15:52:59 +0000},
	Journal = {IEEE Transactions on Visualization and Computer Graphiscs},
	Keywords = {data vizualization},
	Month = {September/October},
	Number = {5},
	Pages = {741-748},
	Title = {Hierarchical Edge Bundles: Visualization of Adjacency Relations in Hierarchical Data},
	Volume = {12},
	Year = {2006},
	Bdsk-File-1 = {YnBsaXN0MDDUAQIDBAUGJCVYJHZlcnNpb25YJG9iamVjdHNZJGFyY2hpdmVyVCR0b3ASAAGGoKgHCBMUFRYaIVUkbnVsbNMJCgsMDxJXTlMua2V5c1pOUy5vYmplY3RzViRjbGFzc6INDoACgAOiEBGABIAFgAdccmVsYXRpdmVQYXRoWWFsaWFzRGF0YV8QMGRhdGFfdmlzdWFsaXphdGlvbi9oZWlyYXJjaGljYWxfZWRnZV9idW5kbGVzLnBkZtIXCxgZV05TLmRhdGFPEQIwAAAAAAIwAAIAAApIaWVyb255bXVzAAAAAAAAAAAAAAAAAAAAAADNVAdvSCsAAAAUCycdaGVpcmFyY2hpY2FsX2VkZ2VfYnVuZGxlcy5wZGYAAAAAAAAAAAAAAAAAAAAAAAAAAAAAAAAAAAAAAAAAAAAAAAH2gsysYOYAAAAAAAAAAAABAAMAAAkAAAAAAAAAAAAAAAAAAAAAEmRhdGFfdmlzdWFsaXphdGlvbgAQAAgAAM1UTb8AAAARAAgAAMysmSYAAAABABgAFAsnABQKwAAToh0AA+oTAAAAYwAAAGAAAgBuSGllcm9ueW11czpVc2VyczoAYWFyb25rcmFqZXNraToARGVza3RvcDoAVEhFU0lTOgBjaXRhdGlvbnM6AGRhdGFfdmlzdWFsaXphdGlvbjoAaGVpcmFyY2hpY2FsX2VkZ2VfYnVuZGxlcy5wZGYADgA8AB0AaABlAGkAcgBhAHIAYwBoAGkAYwBhAGwAXwBlAGQAZwBlAF8AYgB1AG4AZABsAGUAcwAuAHAAZABmAA8AFgAKAEgAaQBlAHIAbwBuAHkAbQB1AHMAEgBeL1VzZXJzL2Fhcm9ua3JhamVza2kvRGVza3RvcC9USEVTSVMvY2l0YXRpb25zL2RhdGFfdmlzdWFsaXphdGlvbi9oZWlyYXJjaGljYWxfZWRnZV9idW5kbGVzLnBkZgATABMvVm9sdW1lcy9IaWVyb255bXVzAAAVAAIAJ///AACABtIbHB0eWiRjbGFzc25hbWVYJGNsYXNzZXNdTlNNdXRhYmxlRGF0YaMdHyBWTlNEYXRhWE5TT2JqZWN00hscIiNcTlNEaWN0aW9uYXJ5oiIgXxAPTlNLZXllZEFyY2hpdmVy0SYnVHJvb3SAAQAIABEAGgAjAC0AMgA3AEAARgBNAFUAYABnAGoAbABuAHEAcwB1AHcAhACOAMEAxgDOAwIDBAMJAxQDHQMrAy8DNgM/A0QDUQNUA2YDaQNuAAAAAAAAAgEAAAAAAAAAKAAAAAAAAAAAAAAAAAAAA3A=}}

@inproceedings{integra,
	Author = {Jamie Bullock and Daniel Beattie and Jerome Turner},
	Booktitle = {Proc. of International Conference on New Interfaces for Musical Expression},
	Date-Added = {2012-11-24 19:56:21 -0500},
	Date-Modified = {2013-06-19 15:53:35 +0000},
	Keywords = {mapping UI},
	Pages = {387 - 392},
	Title = {Integra Live: a new graphical user interface for live electronic music},
	Year = {2011},
	Bdsk-File-1 = {YnBsaXN0MDDUAQIDBAUGJCVYJHZlcnNpb25YJG9iamVjdHNZJGFyY2hpdmVyVCR0b3ASAAGGoKgHCBMUFRYaIVUkbnVsbNMJCgsMDxJXTlMua2V5c1pOUy5vYmplY3RzViRjbGFzc6INDoACgAOiEBGABIAFgAdccmVsYXRpdmVQYXRoWWFsaWFzRGF0YV8QIHVzZXJfaW50ZXJmYWNlcy9pbnRlZ3JhLTIwMTEucGRm0hcLGBlXTlMuZGF0YU8RAfQAAAAAAfQAAgAACkhpZXJvbnltdXMAAAAAAAAAAAAAAAAAAAAAAM1UB29IKwAAABQLKRBpbnRlZ3JhLTIwMTEucGRmAAAAAAAAAAAAAAAAAAAAAAAAAAAAAAAAAAAAAAAAAAAAAAAAAAAAAAAAAAAAAAAAAfaEzNbXUgAAAAAAAAAAAAEAAwAACQAAAAAAAAAAAAAAAAAAAAAPdXNlcl9pbnRlcmZhY2VzAAAQAAgAAM1UTb8AAAARAAgAAMzXHaIAAAABABgAFAspABQKwAAToh0AA+oTAAAAYwAAAGAAAgBeSGllcm9ueW11czpVc2VyczoAYWFyb25rcmFqZXNraToARGVza3RvcDoAVEhFU0lTOgBjaXRhdGlvbnM6AHVzZXJfaW50ZXJmYWNlczoAaW50ZWdyYS0yMDExLnBkZgAOACIAEABpAG4AdABlAGcAcgBhAC0AMgAwADEAMQAuAHAAZABmAA8AFgAKAEgAaQBlAHIAbwBuAHkAbQB1AHMAEgBOL1VzZXJzL2Fhcm9ua3JhamVza2kvRGVza3RvcC9USEVTSVMvY2l0YXRpb25zL3VzZXJfaW50ZXJmYWNlcy9pbnRlZ3JhLTIwMTEucGRmABMAEy9Wb2x1bWVzL0hpZXJvbnltdXMAABUAAgAn//8AAIAG0hscHR5aJGNsYXNzbmFtZVgkY2xhc3Nlc11OU011dGFibGVEYXRhox0fIFZOU0RhdGFYTlNPYmplY3TSGxwiI1xOU0RpY3Rpb25hcnmiIiBfEA9OU0tleWVkQXJjaGl2ZXLRJidUcm9vdIABAAgAEQAaACMALQAyADcAQABGAE0AVQBgAGcAagBsAG4AcQBzAHUAdwCEAI4AsQC2AL4CtgK4Ar0CyALRAt8C4wLqAvMC+AMFAwgDGgMdAyIAAAAAAAACAQAAAAAAAAAoAAAAAAAAAAAAAAAAAAADJA==}}

@inproceedings{allosphere,
	Author = {Tobias H{\"o}llerer and JoAnn Kuchera-Morin and Xavier Amatriain},
	Booktitle = {Proc. of Workshop on Emerging Displays Technologies},
	Date-Added = {2012-11-24 19:49:39 -0500},
	Date-Modified = {2013-06-19 15:52:31 +0000},
	Keywords = {data vizualization},
	Organization = {ACM Press},
	Pages = {21 - 28},
	Title = {The Allosphere: A Large-Scale Immersive Surround-View Instrument},
	Year = {2007},
	Bdsk-File-1 = {YnBsaXN0MDDUAQIDBAUGJCVYJHZlcnNpb25YJG9iamVjdHNZJGFyY2hpdmVyVCR0b3ASAAGGoKgHCBMUFRYaIVUkbnVsbNMJCgsMDxJXTlMua2V5c1pOUy5vYmplY3RzViRjbGFzc6INDoACgAOiEBGABIAFgAdccmVsYXRpdmVQYXRoWWFsaWFzRGF0YV8QJmRhdGFfdmlzdWFsaXphdGlvbi9hbGxvc3BoZXJlLTIwMDcucGRm0hcLGBlXTlMuZGF0YU8RAggAAAAAAggAAgAACkhpZXJvbnltdXMAAAAAAAAAAAAAAAAAAAAAAM1UB29IKwAAABQLJxNhbGxvc3BoZXJlLTIwMDcucGRmAAAAAAAAAAAAAAAAAAAAAAAAAAAAAAAAAAAAAAAAAAAAAAAAAAAAAAAAAAAAAfZ1zM64XAAAAAAAAAAAAAEAAwAACQAAAAAAAAAAAAAAAAAAAAASZGF0YV92aXN1YWxpemF0aW9uABAACAAAzVRNvwAAABEACAAAzM7+rAAAAAEAGAAUCycAFArAABOiHQAD6hMAAABjAAAAYAACAGRIaWVyb255bXVzOlVzZXJzOgBhYXJvbmtyYWplc2tpOgBEZXNrdG9wOgBUSEVTSVM6AGNpdGF0aW9uczoAZGF0YV92aXN1YWxpemF0aW9uOgBhbGxvc3BoZXJlLTIwMDcucGRmAA4AKAATAGEAbABsAG8AcwBwAGgAZQByAGUALQAyADAAMAA3AC4AcABkAGYADwAWAAoASABpAGUAcgBvAG4AeQBtAHUAcwASAFQvVXNlcnMvYWFyb25rcmFqZXNraS9EZXNrdG9wL1RIRVNJUy9jaXRhdGlvbnMvZGF0YV92aXN1YWxpemF0aW9uL2FsbG9zcGhlcmUtMjAwNy5wZGYAEwATL1ZvbHVtZXMvSGllcm9ueW11cwAAFQACACf//wAAgAbSGxwdHlokY2xhc3NuYW1lWCRjbGFzc2VzXU5TTXV0YWJsZURhdGGjHR8gVk5TRGF0YVhOU09iamVjdNIbHCIjXE5TRGljdGlvbmFyeaIiIF8QD05TS2V5ZWRBcmNoaXZlctEmJ1Ryb290gAEACAARABoAIwAtADIANwBAAEYATQBVAGAAZwBqAGwAbgBxAHMAdQB3AIQAjgC3ALwAxALQAtIC1wLiAusC+QL9AwQDDQMSAx8DIgM0AzcDPAAAAAAAAAIBAAAAAAAAACgAAAAAAAAAAAAAAAAAAAM+}}

@article{tuckey,
	Author = {John W. Tuckey},
	Date-Added = {2012-11-24 19:48:23 -0500},
	Date-Modified = {2013-06-19 16:02:59 +0000},
	Journal = {The American Statistician},
	Keywords = {data vizualization},
	Month = {April},
	Number = {2},
	Pages = {23-28},
	Title = {The Technical Tools of Statistics},
	Volume = {19},
	Year = {1965},
	Bdsk-File-1 = {YnBsaXN0MDDUAQIDBAUGJCVYJHZlcnNpb25YJG9iamVjdHNZJGFyY2hpdmVyVCR0b3ASAAGGoKgHCBMUFRYaIVUkbnVsbNMJCgsMDxJXTlMua2V5c1pOUy5vYmplY3RzViRjbGFzc6INDoACgAOiEBGABIAFgAdccmVsYXRpdmVQYXRoWWFsaWFzRGF0YV8QK2RhdGFfdmlzdWFsaXphdGlvbi8xOTY1dHVrZXlfc3RhdGlzdGljcy5wZGbSFwsYGVdOUy5kYXRhTxECHgAAAAACHgACAAAKSGllcm9ueW11cwAAAAAAAAAAAAAAAAAAAAAAzVQHb0grAAAAFAsnGDE5NjV0dWtleV9zdGF0aXN0aWNzLnBkZgAAAAAAAAAAAAAAAAAAAAAAAAAAAAAAAAAAAAAAAAAAAAAAAAAAAAAB9nPMzpk5AAAAAAAAAAAAAQADAAAJAAAAAAAAAAAAAAAAAAAAABJkYXRhX3Zpc3VhbGl6YXRpb24AEAAIAADNVE2/AAAAEQAIAADMzt+JAAAAAQAYABQLJwAUCsAAE6IdAAPqEwAAAGMAAABgAAIAaUhpZXJvbnltdXM6VXNlcnM6AGFhcm9ua3JhamVza2k6AERlc2t0b3A6AFRIRVNJUzoAY2l0YXRpb25zOgBkYXRhX3Zpc3VhbGl6YXRpb246ADE5NjV0dWtleV9zdGF0aXN0aWNzLnBkZgAADgAyABgAMQA5ADYANQB0AHUAawBlAHkAXwBzAHQAYQB0AGkAcwB0AGkAYwBzAC4AcABkAGYADwAWAAoASABpAGUAcgBvAG4AeQBtAHUAcwASAFkvVXNlcnMvYWFyb25rcmFqZXNraS9EZXNrdG9wL1RIRVNJUy9jaXRhdGlvbnMvZGF0YV92aXN1YWxpemF0aW9uLzE5NjV0dWtleV9zdGF0aXN0aWNzLnBkZgAAEwATL1ZvbHVtZXMvSGllcm9ueW11cwAAFQACACf//wAAgAbSGxwdHlokY2xhc3NuYW1lWCRjbGFzc2VzXU5TTXV0YWJsZURhdGGjHR8gVk5TRGF0YVhOU09iamVjdNIbHCIjXE5TRGljdGlvbmFyeaIiIF8QD05TS2V5ZWRBcmNoaXZlctEmJ1Ryb290gAEACAARABoAIwAtADIANwBAAEYATQBVAGAAZwBqAGwAbgBxAHMAdQB3AIQAjgC8AMEAyQLrAu0C8gL9AwYDFAMYAx8DKAMtAzoDPQNPA1IDVwAAAAAAAAIBAAAAAAAAACgAAAAAAAAAAAAAAAAAAANZ}}

@inproceedings{osc,
	Author = {Matthew Wright and Adian Freed},
	Booktitle = {Proc. of International Computer Music Conference (ICMC 1997)},
	Date-Added = {2012-11-24 19:44:51 -0500},
	Date-Modified = {2013-06-19 16:00:43 +0000},
	Keywords = {OSC},
	Pages = {101-104},
	Title = {Open SoundControl: A New Protocol for Communicating with Sound Synthesizers},
	Year = {1997},
	Bdsk-File-1 = {YnBsaXN0MDDUAQIDBAUGJCVYJHZlcnNpb25YJG9iamVjdHNZJGFyY2hpdmVyVCR0b3ASAAGGoKgHCBMUFRYaIVUkbnVsbNMJCgsMDxJXTlMua2V5c1pOUy5vYmplY3RzViRjbGFzc6INDoACgAOiEBGABIAFgAdccmVsYXRpdmVQYXRoWWFsaWFzRGF0YV8QG21hcHBpbmcvd3JpZ2h0XzE5OTdfb3NjLnBkZtIXCxgZV05TLmRhdGFPEQHqAAAAAAHqAAIAAApIaWVyb255bXVzAAAAAAAAAAAAAAAAAAAAAADNVAdvSCsAAAAUC0QTd3JpZ2h0XzE5OTdfb3NjLnBkZgAAAAAAAAAAAAAAAAAAAAAAAAAAAAAAAAAAAAAAAAAAAAAAAAAAAAAAAAAAABQL9sy+ppRQREYgTVNXRAABAAMAAAkAAAAAAAAAAAAAAAAAAAAAB21hcHBpbmcAABAACAAAzVRNvwAAABEACAAAzL7s5AAAAAEAGAAUC0QAFArAABOiHQAD6hMAAABjAAAAYAACAFlIaWVyb255bXVzOlVzZXJzOgBhYXJvbmtyYWplc2tpOgBEZXNrdG9wOgBUSEVTSVM6AGNpdGF0aW9uczoAbWFwcGluZzoAd3JpZ2h0XzE5OTdfb3NjLnBkZgAADgAoABMAdwByAGkAZwBoAHQAXwAxADkAOQA3AF8AbwBzAGMALgBwAGQAZgAPABYACgBIAGkAZQByAG8AbgB5AG0AdQBzABIASS9Vc2Vycy9hYXJvbmtyYWplc2tpL0Rlc2t0b3AvVEhFU0lTL2NpdGF0aW9ucy9tYXBwaW5nL3dyaWdodF8xOTk3X29zYy5wZGYAABMAEy9Wb2x1bWVzL0hpZXJvbnltdXMAABUAAgAn//8AAIAG0hscHR5aJGNsYXNzbmFtZVgkY2xhc3Nlc11OU011dGFibGVEYXRhox0fIFZOU0RhdGFYTlNPYmplY3TSGxwiI1xOU0RpY3Rpb25hcnmiIiBfEA9OU0tleWVkQXJjaGl2ZXLRJidUcm9vdIABAAgAEQAaACMALQAyADcAQABGAE0AVQBgAGcAagBsAG4AcQBzAHUAdwCEAI4ArACxALkCpwKpAq4CuQLCAtAC1ALbAuQC6QL2AvkDCwMOAxMAAAAAAAACAQAAAAAAAAAoAAAAAAAAAAAAAAAAAAADFQ==}}

@inproceedings{wanderley,
	Author = {Andy Hunt and Marcelo M. Wanderley and Ross Kirk},
	Booktitle = {Proc. of International Computer Music Conference (ICMC 2000)},
	Date-Added = {2012-11-24 19:38:44 -0500},
	Date-Modified = {2013-06-19 16:04:06 +0000},
	Keywords = {mapping},
	Pages = {2-5},
	Title = {Towards a Model for Instrumental Mapping in Expert Musical Interaction},
	Year = {2000},
	Bdsk-File-1 = {YnBsaXN0MDDUAQIDBAUGJCVYJHZlcnNpb25YJG9iamVjdHNZJGFyY2hpdmVyVCR0b3ASAAGGoKgHCBMUFRYaIVUkbnVsbNMJCgsMDxJXTlMua2V5c1pOUy5vYmplY3RzViRjbGFzc6INDoACgAOiEBGABIAFgAdccmVsYXRpdmVQYXRoWWFsaWFzRGF0YV8QP2dlc3R1cmVzX2NsYXNzX3JlYWRpbmdzL2h1bnQtbWFwcGluZ19mb3JfZXhwZXJ0X2ludGVyYWN0aW9uLnBkZtIXCxgZV05TLmRhdGFPEQJiAAAAAAJiAAIAAApIaWVyb255bXVzAAAAAAAAAAAAAAAAAAAAAADNVAdvSCsAAAAB9ncfaHVudC1tYXBwaW5nX2Zvcl9leHBlIzFGNjdDLnBkZgAAAAAAAAAAAAAAAAAAAAAAAAAAAAAAAAAAAAAAAAAAAAH2fMq3pTYAAAAAAAAAAAABAAMAAAkAAAAAAAAAAAAAAAAAAAAAF2dlc3R1cmVzX2NsYXNzX3JlYWRpbmdzAAAQAAgAAM1UTb8AAAARAAgAAMq33XYAAAABABgAAfZ3ABQKwAAToh0AA+oTAAAAYwAAAGAAAgB1SGllcm9ueW11czpVc2VyczoAYWFyb25rcmFqZXNraToARGVza3RvcDoAVEhFU0lTOgBjaXRhdGlvbnM6AGdlc3R1cmVzX2NsYXNzX3JlYWRpbmdzOgBodW50LW1hcHBpbmdfZm9yX2V4cGUjMUY2N0MucGRmAAAOAFAAJwBoAHUAbgB0AC0AbQBhAHAAcABpAG4AZwBfAGYAbwByAF8AZQB4AHAAZQByAHQAXwBpAG4AdABlAHIAYQBjAHQAaQBvAG4ALgBwAGQAZgAPABYACgBIAGkAZQByAG8AbgB5AG0AdQBzABIAbS9Vc2Vycy9hYXJvbmtyYWplc2tpL0Rlc2t0b3AvVEhFU0lTL2NpdGF0aW9ucy9nZXN0dXJlc19jbGFzc19yZWFkaW5ncy9odW50LW1hcHBpbmdfZm9yX2V4cGVydF9pbnRlcmFjdGlvbi5wZGYAABMAEy9Wb2x1bWVzL0hpZXJvbnltdXMAABUAAgAn//8AAIAG0hscHR5aJGNsYXNzbmFtZVgkY2xhc3Nlc11OU011dGFibGVEYXRhox0fIFZOU0RhdGFYTlNPYmplY3TSGxwiI1xOU0RpY3Rpb25hcnmiIiBfEA9OU0tleWVkQXJjaGl2ZXLRJidUcm9vdIABAAgAEQAaACMALQAyADcAQABGAE0AVQBgAGcAagBsAG4AcQBzAHUAdwCEAI4A0ADVAN0DQwNFA0oDVQNeA2wDcAN3A4ADhQOSA5UDpwOqA68AAAAAAAACAQAAAAAAAAAoAAAAAAAAAAAAAAAAAAADsQ==}}

@book{tufte1,
	Author = {Edward R. Tufte},
	Date-Modified = {2013-06-19 16:03:05 +0000},
	Keywords = {data vizualization},
	Publisher = {Graphics Press},
	Title = {Beautiful Evidence},
	Year = {2006}}

@book{tufte2,
	Author = {Edward R. Tufte},
	Date-Modified = {2013-06-19 16:03:10 +0000},
	Keywords = {data vizualization},
	Publisher = {Graphics Press},
	Title = {Envisioning Information},
	Year = {1990}}

@article{malloch,
	Author = {Joseph Malloch and Stephen Sinclair and Marcelo M. Wanderley},
	Date-Modified = {2013-06-19 15:58:17 +0000},
	Journal = {R. Kronland-Martinet, S. Ystad, and K Jensen. (Eds.): CMMR 2007, - Proc. of Computer Music Modeling and Retrieval 2007, Conference, LNCS 4969. Berlin Heidelberg: Springer-Verlag},
	Keywords = {mapping, libmapper},
	Pages = {401-425},
	Title = {A network-based framework for collaborative development and performance of digital musical instruments.},
	Year = {2008},
	Bdsk-File-1 = {YnBsaXN0MDDUAQIDBAUGJCVYJHZlcnNpb25YJG9iamVjdHNZJGFyY2hpdmVyVCR0b3ASAAGGoKgHCBMUFRYaIVUkbnVsbNMJCgsMDxJXTlMua2V5c1pOUy5vYmplY3RzViRjbGFzc6INDoACgAOiEBGABIAFgAdccmVsYXRpdmVQYXRoWWFsaWFzRGF0YV8QHG1hcHBpbmcvbWFsbG9jaF9sbmNzMjAwOC5wZGbSFwsYGVdOUy5kYXRhTxEB7AAAAAAB7AACAAAKSGllcm9ueW11cwAAAAAAAAAAAAAAAAAAAAAAzVQHb0grAAAAFAtEFG1hbGxvY2hfbG5jczIwMDgucGRmAAAAAAAAAAAAAAAAAAAAAAAAAAAAAAAAAAAAAAAAAAAAAAAAAAAAAAAAAAAUC/TMzXhaAAAAAAAAAAAAAQADAAAJAAAAAAAAAAAAAAAAAAAAAAdtYXBwaW5nAAAQAAgAAM1UTb8AAAARAAgAAMzNvqoAAAABABgAFAtEABQKwAAToh0AA+oTAAAAYwAAAGAAAgBaSGllcm9ueW11czpVc2VyczoAYWFyb25rcmFqZXNraToARGVza3RvcDoAVEhFU0lTOgBjaXRhdGlvbnM6AG1hcHBpbmc6AG1hbGxvY2hfbG5jczIwMDgucGRmAA4AKgAUAG0AYQBsAGwAbwBjAGgAXwBsAG4AYwBzADIAMAAwADgALgBwAGQAZgAPABYACgBIAGkAZQByAG8AbgB5AG0AdQBzABIASi9Vc2Vycy9hYXJvbmtyYWplc2tpL0Rlc2t0b3AvVEhFU0lTL2NpdGF0aW9ucy9tYXBwaW5nL21hbGxvY2hfbG5jczIwMDgucGRmABMAEy9Wb2x1bWVzL0hpZXJvbnltdXMAABUAAgAn//8AAIAG0hscHR5aJGNsYXNzbmFtZVgkY2xhc3Nlc11OU011dGFibGVEYXRhox0fIFZOU0RhdGFYTlNPYmplY3TSGxwiI1xOU0RpY3Rpb25hcnmiIiBfEA9OU0tleWVkQXJjaGl2ZXLRJidUcm9vdIABAAgAEQAaACMALQAyADcAQABGAE0AVQBgAGcAagBsAG4AcQBzAHUAdwCEAI4ArQCyALoCqgKsArECvALFAtMC1wLeAucC7AL5AvwDDgMRAxYAAAAAAAACAQAAAAAAAAAoAAAAAAAAAAAAAAAAAAADGA==}}

@comment{BibDesk Static Groups{
<?xml version="1.0" encoding="UTF-8"?>
<!DOCTYPE plist PUBLIC "-//Apple//DTD PLIST 1.0//EN" "http://www.apple.com/DTDs/PropertyList-1.0.dtd">
<plist version="1.0">
<array>
	<dict>
		<key>group name</key>
		<string>Proposal</string>
		<key>keys</key>
		<string>junxion,malloch,tufte2,vizmapper,tuckey,integra,tufte1,senseStage,jamoma,wanderley,GDIF,HEB,MPGcarepackage,inclusiveInterconnections,allosphere,osc</string>
	</dict>
</array>
</plist>
}}
